@online{cinemaexplosion,
	title = {Взрывы в кино: что за кадром?},
	url = {http://www.mir3d.ru/vfx/950/},
	urldate = {10.10.2019},
	language =     "russian"
	}

@Book{particlesystems,
	author = {William T. Reeves},
	title = {Particle Systems – A Technique for Modeling a Class of Fuzzy Objects. } ,
	publisher = {Computer Graphics, том 17, №3, с. 359-376},
	year = {1983},
	language =     "russian"
	}
	
@online{definition,
	title = {Простая система частиц?},
	url = {http://grafika.me/node/496},
	urldate = {16.11.2019},
	language =     "russian"
	}	
	
@Book{3dgraphic,
	author = {И. Е. Жигалов, И. А. Новиков},
	title = {Программирование трехмерной компьютерной графики } ,
	publisher = {Изд-во ВлГУ, Владимир},
	year = {2016},
	language =     "russian"
	}
	
@online{deletenovisible,
	title = {Удаление скрытых линий и поверхностей},
	url = {http://algolist.ru/graphics/delinvis.php},
	urldate = {16.11.2019},
	language =     "russian"
	}		
	
	https://habr.com/ru/post/342510/